<collection xmlns="http://www.loc.gov/MARC21/slim">
<record>
  <leader>00458na 0a22001331i 450 </leader>
  <controlfield tag="001">IT\ICCU\CNCE\052591</controlfield>
  <controlfield tag="005">20070606000000.0</controlfield>
  <datafield tag="100" ind1=" " ind2=" ">
    <subfield code="a">20020117             0itac0103    ba</subfield>
  </datafield>
  <datafield tag="101" ind1=" " ind2=" ">
    <subfield code="a">ITA</subfield>
  </datafield>
  <datafield tag="200" ind1="1" ind2=" ">
    <subfield code="a">Edipo tiranno tragedia di Sofocle. In Firenze : appresso Bartolomeo Sermartelli, 1589</subfield>
  </datafield>
  <datafield tag="700" ind1=" " ind2="0">
    <subfield code="a">Sophocles</subfield>
    <subfield code="3">IT\ICCU\CNCA\003094</subfield>
  </datafield>
  <datafield tag="790" ind1=" " ind2="0">
    <subfield code="a">Sofocle</subfield>
    <subfield code="3">IT\ICCU\CNCA\014913</subfield>
    <subfield code="z">Sophocles</subfield>
  </datafield>
  <datafield tag="790" ind1=" " ind2="0">
    <subfield code="a">Sophokles</subfield>
    <subfield code="3">IT\ICCU\CNCA\024107</subfield>
    <subfield code="z">Sophocles</subfield>
  </datafield>
  <datafield tag="801" ind1=" " ind2="3">
    <subfield code="a">IT</subfield>
    <subfield code="b">ICCU</subfield>
    <subfield code="c">20201115</subfield>
  </datafield>
</record>
</collection>
